<record><leader>00000cas a22000007a 4500</leader><controlfield tag="001">10328728</controlfield><controlfield tag="008">840123d18861968moudn ne      0    0eng  </controlfield><datafield ind1=" " ind2=" " tag="010"><subfield code="a">sn 84020091 </subfield></datafield><datafield ind1=" " ind2=" " tag="040"><subfield code="a">DLC</subfield><subfield code="b">eng</subfield><subfield code="c">DLC</subfield><subfield code="d">MQN</subfield><subfield code="d">OCLCQ</subfield><subfield code="d">DLC</subfield></datafield><datafield ind1=" " ind2=" " tag="042"><subfield code="a">msc</subfield></datafield><datafield ind1="0" ind2="0" tag="050"><subfield code="a">Newspaper 8604</subfield></datafield><datafield ind1="0" ind2="0" tag="245"><subfield code="a">Mexico evening ledger.</subfield></datafield><datafield ind1=" " ind2=" " tag="260"><subfield code="a">Mexico, Mo. :</subfield><subfield code="b">R.M. White</subfield></datafield><datafield ind1=" " ind2=" " tag="300"><subfield code="a">v.</subfield></datafield><datafield ind1=" " ind2=" " tag="310"><subfield code="a">Daily (except Sun.)</subfield></datafield><datafield ind1="0" ind2=" " tag="362"><subfield code="a">-v. 67, no. 281 (Dec. 31, 1955) ; 100th year, no. 1 (Jan. 2, 1956)-114th year, no. 102 (Apr. 29, 1968).</subfield></datafield><datafield ind1=" " ind2=" " tag="588"><subfield code="a">Description based on: Vol. 2, no. 33 (Sept. 14, 1887).</subfield></datafield><datafield ind1=" " ind2="4" tag="651"><subfield code="a">Mexico (Mo.)</subfield><subfield code="v">Newspapers.</subfield></datafield><datafield ind1=" " ind2=" " tag="752"><subfield code="a">United States</subfield><subfield code="b">Missouri</subfield><subfield code="c">Audrain</subfield><subfield code="d">Mexico.</subfield></datafield><datafield ind1="0" ind2=" " tag="775"><subfield code="t">Mexico weekly ledger</subfield><subfield code="x">2375-4443</subfield><subfield code="w">(DLC)sn 89067274</subfield><subfield code="w">(OCoLC)20387074</subfield></datafield><datafield ind1="0" ind2="5" tag="780"><subfield code="t">Daily news and intelligencer</subfield><subfield code="w">(DLC)sn 89067283</subfield></datafield><datafield ind1="0" ind2="0" tag="785"><subfield code="t">Mexico ledger</subfield><subfield code="w">(DLC)sn 89067275</subfield></datafield><datafield ind1="1" ind2=" " tag="029"><subfield code="a">AU@</subfield><subfield code="b">000020409463</subfield></datafield></record>